% This file was created with JabRef 2.6.
% Encoding: Cp1252

@BOOK{brig96,
  title = {Schnelle Fourier Transformation},
  publisher = {Oldenbourg},
  year = {1995},
  author = {Elbert O. Brigham},
  edition = {6., korr. Auflage},
  isbn = {3-486-23177-4},
  keywords = {Schnelle Fourier-Transformation,Fast Fourier transform,FFT},
  language = {dt.}
}

@BOOK{Kamm02,
  title = {Digitale Signalverarbeitung: Filterung und Spektralanalyse},
  publisher = {B. G. Teubner Verlag},
  year = {2002},
  author = {Karl D. Kammeyer and Kristian Kroschel},
  address = {Stuttgart, D},
  edition = {5., durchges. u. erg. Auflage},
  isbn = {3-519-46122-6}
}

@BOOKLET{Orgl07,
  title = {Signalverarbeitung},
  author = {Reinhold Orglmeister},
  howpublished = {Vorlesungsskript},
  year = {2007},
  url = {http://www.emsp.tu-berlin.de}
}

@BOOKLET{Mat1,
  title = {MATLAB Central},
  author = {{The MathWorks, Inc.}},
  howpublished = {(WWW)},
  lastchecked = {25. Mai 2009},
  year = {2009},
  url = {http://www.mathworks.com/matlabcentral/fileexchange/loadCategory.do?objectType=category&objectId=144}
}

