% Encoding: UTF-8

@MastersThesis{Roos,
  author = {Sebastian Roos},
  title  = {Implementierung und Evaluation eines Aufnahme- und Wiedergabesystems nach dem Motion-Tracked Binaural Verfahren},
  school = {Technische Universit√§t Berlin},
  year   = {2011},
  file   = {:C\:/Users/maxim/Documents/Uni/BA_docs/Literatur & Abschlussarbeiten/MA Roos/Roos - 2011 - Implementierung und Evaluation eines Aufnahme-und .pdf:PDF},
}

@Comment{jabref-meta: databaseType:bibtex;}
