% Encoding: UTF-8

@InBook{MaxLehmer2018,
  chapter   = {1},
  pages     = {2-4, 8-12},
  title     = {Der Test},
  publisher = {Max Lehmer},
  year      = {2018},
  author    = {auch Max Lehmer},
}

@Comment{jabref-meta: databaseType:bibtex;}
